% This file was created with JabRef 2.10b2.
% Encoding: UTF8


@Article{affleck_2016,
  Title                    = {Additive {Nonlinear} {Biomass} {Equations}: {A} {Likelihood}-{Based} {Approach}},
  Author                   = {Affleck, David L.R. and Diéguez-Aranda, Ulises},
  Journal                  = {Forest Science},
  Year                     = {2016},

  Month                    = apr,
  Number                   = {2},
  Pages                    = {129--140},
  Volume                   = {62},

  Doi                      = {10.5849/forsci.15-126},
  File                     = {IngentaConnect Full Text PDF:/home/khusmann/.mozilla/firefox/7nhyka52.default/zotero/storage/ATTHPSZK/Affleck und Diéguez-Aranda - 2016 - Additive Nonlinear Biomass Equations A Likelihood.pdf:application/pdf},
  Keywords                 = {Disaggregation Models, Missing Data, Multivariate Regression, Open-Source Statistical Software},
  Shorttitle               = {Additive {Nonlinear} {Biomass} {Equations}}
}

@Article{parresol_2001,
  Title                    = {Additivity of nonlinear biomass equations},
  Author                   = {Parresol, Bernard R},
  Journal                  = {Canadian Journal of Forest Research},
  Year                     = {2001},

  Month                    = may,
  Note                     = {Gedruckt},
  Number                   = {5},
  Pages                    = {865--878},
  Volume                   = {31},

  Doi                      = {10.1139/x00-202},
  ISSN                     = {0045-5067},
  Url                      = {http://www.nrcresearchpress.com/doi/abs/10.1139/x00-202},
  Urldate                  = {2014-03-05}
}

@Book{LR,
  Title                    = {Linear Regression Analysis},
  Author                   = {Seber, George A. F. and Lee, Alan J.},
  Publisher                = {John Wiley and Sons},
  Year                     = {2003},

  Owner                    = {alex},
  Timestamp                = {2016.04.25}
}

